%YAML 1.1
%TAG !u! tag:unity3d.com,2011:
--- !u!1 &3756012696641377092
GameObject:
  m_ObjectHideFlags: 0
  m_CorrespondingSourceObject: {fileID: 0}
  m_PrefabInstance: {fileID: 0}
  m_PrefabAsset: {fileID: 0}
  serializedVersion: 6
  m_Component:
  - component: {fileID: 3756012696641377095}
  - component: {fileID: 3756012696641377094}
  m_Layer: 0
  m_Name: Asteroid Field
  m_TagString: Untagged
  m_Icon: {fileID: 0}
  m_NavMeshLayer: 0
  m_StaticEditorFlags: 0
  m_IsActive: 1
--- !u!4 &3756012696641377095
Transform:
  m_ObjectHideFlags: 0
  m_CorrespondingSourceObject: {fileID: 0}
  m_PrefabInstance: {fileID: 0}
  m_PrefabAsset: {fileID: 0}
  m_GameObject: {fileID: 3756012696641377092}
  m_LocalRotation: {x: 0, y: 0, z: 0, w: 1}
  m_LocalPosition: {x: -237.47, y: 0.4917835, z: -37.71}
  m_LocalScale: {x: 1, y: 1, z: 1}
  m_Children:
  - {fileID: 3756012696244612111}
  - {fileID: 3756012695810522935}
  - {fileID: 3756012696404466487}
  m_Father: {fileID: 0}
  m_RootOrder: 0
  m_LocalEulerAnglesHint: {x: 0, y: 0, z: 0}
--- !u!114 &3756012696641377094
MonoBehaviour:
  m_ObjectHideFlags: 0
  m_CorrespondingSourceObject: {fileID: 0}
  m_PrefabInstance: {fileID: 0}
  m_PrefabAsset: {fileID: 0}
  m_GameObject: {fileID: 3756012696641377092}
  m_Enabled: 1
  m_EditorHideFlags: 0
  m_Script: {fileID: 11500000, guid: c0ae2fdd0c29b4119a971e7c11edc21f, type: 3}
  m_Name: 
  m_EditorClassIdentifier: 
  Seed: 712817234
  Asteroids:
  - {fileID: 494976, guid: e1d6f64358f1c48d28da2c8a4cfea07f, type: 3}
  - {fileID: 446090, guid: be0552b8f638e451a95185dc509cb161, type: 3}
  - {fileID: 469044, guid: 6da39121942ff49f38ae58aeb74cb153, type: 3}
--- !u!1001 &3756012695810372029
PrefabInstance:
  m_ObjectHideFlags: 0
  serializedVersion: 2
  m_Modification:
    m_TransformParent: {fileID: 3756012696641377095}
    m_Modifications:
    - target: {fileID: 141316, guid: be0552b8f638e451a95185dc509cb161, type: 3}
      propertyPath: m_Name
      value: Asteroid 2
      objectReference: {fileID: 0}
    - target: {fileID: 446090, guid: be0552b8f638e451a95185dc509cb161, type: 3}
      propertyPath: m_RootOrder
      value: 1
      objectReference: {fileID: 0}
    - target: {fileID: 446090, guid: be0552b8f638e451a95185dc509cb161, type: 3}
      propertyPath: m_LocalPosition.x
      value: 0
      objectReference: {fileID: 0}
    - target: {fileID: 446090, guid: be0552b8f638e451a95185dc509cb161, type: 3}
      propertyPath: m_LocalPosition.y
      value: 0
      objectReference: {fileID: 0}
    - target: {fileID: 446090, guid: be0552b8f638e451a95185dc509cb161, type: 3}
      propertyPath: m_LocalPosition.z
      value: 10
      objectReference: {fileID: 0}
    - target: {fileID: 446090, guid: be0552b8f638e451a95185dc509cb161, type: 3}
      propertyPath: m_LocalRotation.w
      value: 1
      objectReference: {fileID: 0}
    - target: {fileID: 446090, guid: be0552b8f638e451a95185dc509cb161, type: 3}
      propertyPath: m_LocalRotation.x
      value: 0
      objectReference: {fileID: 0}
    - target: {fileID: 446090, guid: be0552b8f638e451a95185dc509cb161, type: 3}
      propertyPath: m_LocalRotation.y
      value: 0
      objectReference: {fileID: 0}
    - target: {fileID: 446090, guid: be0552b8f638e451a95185dc509cb161, type: 3}
      propertyPath: m_LocalRotation.z
      value: 0
      objectReference: {fileID: 0}
    - target: {fileID: 446090, guid: be0552b8f638e451a95185dc509cb161, type: 3}
      propertyPath: m_LocalEulerAnglesHint.x
      value: 0
      objectReference: {fileID: 0}
    - target: {fileID: 446090, guid: be0552b8f638e451a95185dc509cb161, type: 3}
      propertyPath: m_LocalEulerAnglesHint.y
      value: 0
      objectReference: {fileID: 0}
    - target: {fileID: 446090, guid: be0552b8f638e451a95185dc509cb161, type: 3}
      propertyPath: m_LocalEulerAnglesHint.z
      value: 0
      objectReference: {fileID: 0}
    - target: {fileID: 11421226, guid: be0552b8f638e451a95185dc509cb161, type: 3}
      propertyPath: tumble
      value: 0.1
      objectReference: {fileID: 0}
    m_RemovedComponents: []
  m_SourcePrefab: {fileID: 100100000, guid: be0552b8f638e451a95185dc509cb161, type: 3}
--- !u!4 &3756012695810522935 stripped
Transform:
  m_CorrespondingSourceObject: {fileID: 446090, guid: be0552b8f638e451a95185dc509cb161, type: 3}
  m_PrefabInstance: {fileID: 3756012695810372029}
  m_PrefabAsset: {fileID: 0}
--- !u!1001 &3756012696244576655
PrefabInstance:
  m_ObjectHideFlags: 0
  serializedVersion: 2
  m_Modification:
    m_TransformParent: {fileID: 3756012696641377095}
    m_Modifications:
    - target: {fileID: 151664, guid: e1d6f64358f1c48d28da2c8a4cfea07f, type: 3}
      propertyPath: m_Name
      value: Asteroid 1
      objectReference: {fileID: 0}
    - target: {fileID: 494976, guid: e1d6f64358f1c48d28da2c8a4cfea07f, type: 3}
      propertyPath: m_RootOrder
      value: 0
      objectReference: {fileID: 0}
    - target: {fileID: 494976, guid: e1d6f64358f1c48d28da2c8a4cfea07f, type: 3}
      propertyPath: m_LocalPosition.x
      value: 0
      objectReference: {fileID: 0}
    - target: {fileID: 494976, guid: e1d6f64358f1c48d28da2c8a4cfea07f, type: 3}
      propertyPath: m_LocalPosition.y
      value: 0
      objectReference: {fileID: 0}
    - target: {fileID: 494976, guid: e1d6f64358f1c48d28da2c8a4cfea07f, type: 3}
      propertyPath: m_LocalPosition.z
      value: 0
      objectReference: {fileID: 0}
    - target: {fileID: 494976, guid: e1d6f64358f1c48d28da2c8a4cfea07f, type: 3}
      propertyPath: m_LocalRotation.w
      value: 1
      objectReference: {fileID: 0}
    - target: {fileID: 494976, guid: e1d6f64358f1c48d28da2c8a4cfea07f, type: 3}
      propertyPath: m_LocalRotation.x
      value: -0
      objectReference: {fileID: 0}
    - target: {fileID: 494976, guid: e1d6f64358f1c48d28da2c8a4cfea07f, type: 3}
      propertyPath: m_LocalRotation.y
      value: -0
      objectReference: {fileID: 0}
    - target: {fileID: 494976, guid: e1d6f64358f1c48d28da2c8a4cfea07f, type: 3}
      propertyPath: m_LocalRotation.z
      value: -0
      objectReference: {fileID: 0}
    - target: {fileID: 494976, guid: e1d6f64358f1c48d28da2c8a4cfea07f, type: 3}
      propertyPath: m_LocalEulerAnglesHint.x
      value: 0
      objectReference: {fileID: 0}
    - target: {fileID: 494976, guid: e1d6f64358f1c48d28da2c8a4cfea07f, type: 3}
      propertyPath: m_LocalEulerAnglesHint.y
      value: 0
      objectReference: {fileID: 0}
    - target: {fileID: 494976, guid: e1d6f64358f1c48d28da2c8a4cfea07f, type: 3}
      propertyPath: m_LocalEulerAnglesHint.z
      value: 0
      objectReference: {fileID: 0}
    - target: {fileID: 11425652, guid: e1d6f64358f1c48d28da2c8a4cfea07f, type: 3}
      propertyPath: tumble
      value: 0.05
      objectReference: {fileID: 0}
    m_RemovedComponents: []
  m_SourcePrefab: {fileID: 100100000, guid: e1d6f64358f1c48d28da2c8a4cfea07f, type: 3}
--- !u!4 &3756012696244612111 stripped
Transform:
  m_CorrespondingSourceObject: {fileID: 494976, guid: e1d6f64358f1c48d28da2c8a4cfea07f, type: 3}
  m_PrefabInstance: {fileID: 3756012696244576655}
  m_PrefabAsset: {fileID: 0}
--- !u!1001 &3756012696404538115
PrefabInstance:
  m_ObjectHideFlags: 0
  serializedVersion: 2
  m_Modification:
    m_TransformParent: {fileID: 3756012696641377095}
    m_Modifications:
    - target: {fileID: 130102, guid: 6da39121942ff49f38ae58aeb74cb153, type: 3}
      propertyPath: m_Name
      value: Asteroid 3
      objectReference: {fileID: 0}
    - target: {fileID: 469044, guid: 6da39121942ff49f38ae58aeb74cb153, type: 3}
      propertyPath: m_RootOrder
      value: 2
      objectReference: {fileID: 0}
    - target: {fileID: 469044, guid: 6da39121942ff49f38ae58aeb74cb153, type: 3}
      propertyPath: m_LocalPosition.x
      value: 0
      objectReference: {fileID: 0}
    - target: {fileID: 469044, guid: 6da39121942ff49f38ae58aeb74cb153, type: 3}
      propertyPath: m_LocalPosition.y
      value: 0
      objectReference: {fileID: 0}
    - target: {fileID: 469044, guid: 6da39121942ff49f38ae58aeb74cb153, type: 3}
      propertyPath: m_LocalPosition.z
      value: 20
      objectReference: {fileID: 0}
    - target: {fileID: 469044, guid: 6da39121942ff49f38ae58aeb74cb153, type: 3}
      propertyPath: m_LocalRotation.w
      value: 1
      objectReference: {fileID: 0}
    - target: {fileID: 469044, guid: 6da39121942ff49f38ae58aeb74cb153, type: 3}
      propertyPath: m_LocalRotation.x
      value: -0
      objectReference: {fileID: 0}
    - target: {fileID: 469044, guid: 6da39121942ff49f38ae58aeb74cb153, type: 3}
      propertyPath: m_LocalRotation.y
      value: -0
      objectReference: {fileID: 0}
    - target: {fileID: 469044, guid: 6da39121942ff49f38ae58aeb74cb153, type: 3}
      propertyPath: m_LocalRotation.z
      value: -0
      objectReference: {fileID: 0}
    - target: {fileID: 469044, guid: 6da39121942ff49f38ae58aeb74cb153, type: 3}
      propertyPath: m_LocalEulerAnglesHint.x
      value: 0
      objectReference: {fileID: 0}
    - target: {fileID: 469044, guid: 6da39121942ff49f38ae58aeb74cb153, type: 3}
      propertyPath: m_LocalEulerAnglesHint.y
      value: 0
      objectReference: {fileID: 0}
    - target: {fileID: 469044, guid: 6da39121942ff49f38ae58aeb74cb153, type: 3}
      propertyPath: m_LocalEulerAnglesHint.z
      value: 0
      objectReference: {fileID: 0}
    - target: {fileID: 11467940, guid: 6da39121942ff49f38ae58aeb74cb153, type: 3}
      propertyPath: tumble
      value: 0.01
      objectReference: {fileID: 0}
    m_RemovedComponents: []
  m_SourcePrefab: {fileID: 100100000, guid: 6da39121942ff49f38ae58aeb74cb153, type: 3}
--- !u!4 &3756012696404466487 stripped
Transform:
  m_CorrespondingSourceObject: {fileID: 469044, guid: 6da39121942ff49f38ae58aeb74cb153, type: 3}
  m_PrefabInstance: {fileID: 3756012696404538115}
  m_PrefabAsset: {fileID: 0}
